<record><leader>00000cas a22000007a 4500</leader><controlfield tag="001">32900875</controlfield><controlfield tag="008">950731d19931994azuwr ne      0    0eng d</controlfield><datafield ind1=" " ind2=" " tag="010"><subfield code="a">sn 95060550 </subfield></datafield><datafield ind1=" " ind2=" " tag="040"><subfield code="a">ANN</subfield><subfield code="b">eng</subfield><subfield code="c">ANN</subfield><subfield code="d">DLC</subfield><subfield code="d">OCLCQ</subfield><subfield code="d">ANN</subfield><subfield code="d">ZP2</subfield><subfield code="d">OCLCF</subfield></datafield><datafield ind1="1" ind2=" " tag="029"><subfield code="a">AU@</subfield><subfield code="b">000025414665</subfield></datafield><datafield ind1=" " ind2=" " tag="042"><subfield code="a">msc</subfield></datafield><datafield ind1="0" ind2="0" tag="245"><subfield code="a">San Carlos moccasin (keban).</subfield></datafield><datafield ind1="1" ind2="7" tag="246"><subfield code="a">Moccasin</subfield></datafield><datafield ind1=" " ind2=" " tag="260"><subfield code="a">Globe, Ariz. :</subfield><subfield code="b">American Globe Pub. Co.,</subfield><subfield code="c">1993-1994.</subfield></datafield><datafield ind1=" " ind2=" " tag="300"><subfield code="a">v. :</subfield><subfield code="b">ill.</subfield></datafield><datafield ind1=" " ind2=" " tag="310"><subfield code="a">Weekly</subfield></datafield><datafield ind1="0" ind2=" " tag="362"><subfield code="a">Vol. 9, no. 12 (Nov. 30, 1993)-v. 9, no. 24 (Feb 22, 1994).</subfield></datafield><datafield ind1=" " ind2="0" tag="650"><subfield code="a">Apache Indians</subfield><subfield code="v">Newspapers.</subfield></datafield><datafield ind1=" " ind2="0" tag="651"><subfield code="a">San Carlos (Ariz.)</subfield><subfield code="v">Newspapers.</subfield></datafield><datafield ind1=" " ind2="0" tag="651"><subfield code="a">San Carlos Indian Reservation (Ariz.)</subfield><subfield code="v">Newspapers.</subfield></datafield><datafield ind1=" " ind2="0" tag="651"><subfield code="a">Globe (Ariz.)</subfield><subfield code="v">Newspapers.</subfield></datafield><datafield ind1=" " ind2="7" tag="655"><subfield code="a">Newspapers.</subfield><subfield code="2">fast</subfield><subfield code="0">(OCoLC)fst01423814</subfield></datafield><datafield ind1=" " ind2="7" tag="650"><subfield code="a">Apache Indians.</subfield><subfield code="2">fast</subfield><subfield code="0">(OCoLC)fst00811055</subfield></datafield><datafield ind1=" " ind2="7" tag="651"><subfield code="a">Arizona</subfield><subfield code="z">Globe.</subfield><subfield code="2">fast</subfield><subfield code="0">(OCoLC)fst01216942</subfield></datafield><datafield ind1=" " ind2="7" tag="651"><subfield code="a">Arizona</subfield><subfield code="z">San Carlos.</subfield><subfield code="2">fast</subfield><subfield code="0">(OCoLC)fst01297922</subfield></datafield><datafield ind1=" " ind2="7" tag="651"><subfield code="a">Arizona</subfield><subfield code="z">San Carlos Indian Reservation.</subfield><subfield code="2">fast</subfield><subfield code="0">(OCoLC)fst01256458</subfield></datafield><datafield ind1="1" ind2=" " tag="710"><subfield code="a">San Carlos Apache Tribe of the San Carlos Reservation, Arizona.</subfield></datafield><datafield ind1=" " ind2=" " tag="752"><subfield code="a">United States</subfield><subfield code="b">Arizona</subfield><subfield code="c">Gila</subfield><subfield code="d">Globe.</subfield></datafield><datafield ind1="0" ind2="0" tag="780"><subfield code="t">San Carlos Apache moccasin</subfield><subfield code="w">(DLC)sn 95003352</subfield></datafield><datafield ind1="0" ind2="0" tag="785"><subfield code="t">San Carlos Apache moccasin (Globe, Ariz. : 1994)</subfield><subfield code="w">(DLC)sn 95060551</subfield></datafield></record>